
@article{iSAC,
  title={Iterative sequential action control for stable, model-based control of nonlinear systems},
  author={Tzorakoleftherakis, Emmanouil and Murphey, Todd D},
  journal={IEEE Transactions on Automatic Control},
  year={2018}
}


@inproceedings{myRSS_MIGMDA,
  title={Online User Assessment for Minimal Intervention During Task-Based Robotic Assistance},
  author={Kalinowska, Aleksandra and Fitzsimons, Kathleen and Dewald, Julius and Murphey, Todd D},
  journal={Proceedings of Robotics: Science and Systems},
  year={2018}
}


@article{alex_SAC,
  title={Sequential action control: closed-form optimal control for nonlinear and nonsmooth systems},
  author={Ansari, Alexander R and Murphey, Todd D},
  journal={IEEE Transactions on Robotics},
  volume={32},
  number={5},
  pages={1196--1214},
  year={2016}
}

@article{conjugate_gradient, 
    author={L. Lasdon and S. Mitter and A. Waren}, 
    journal={IEEE Transactions on Automatic Control}, 
    title={The conjugate gradient method for optimal control problems}, 
    year={1967}, 
    volume={12}, 
    number={2}, 
    pages={132-138}
}


@article{sharedcontrol_adaptive,
  title={An adaptive shared control system for an intelligent mobility aid for the elderly},
  author={Yu, Haoyong and Spenko, Matthew and Dubowsky, Steven},
  journal={Autonomous Robots},
  volume={15},
  number={1},
  pages={53--66},
  year={2003}
}

@inproceedings{alex_RSS2017,
  title={Learning models for shared control of human-machine systems with unknown dynamics},
  author={Broad, Alexander and Murphey, TD and Argall, Brenna},
  journal={Proceedings of Robotics: Science and Systems},
  year={2017}
}

@article{survey_deviceabandonment,
  title={Upper limb prosthesis use and abandonment: a survey of the last 25 years},
  author={Biddiss, Elaine A and Chau, Tom T},
  journal={Prosthetics and Orthotics International},
  volume={31},
  number={3},
  pages={236--257},
  year={2007}
}

@inproceedings{argall_keynote,
  title={Turning assistive machines into assistive robots},
  author={Argall, Brenna D},
  booktitle={Quantum Sensing and Nanophotonic Devices XII},
  volume={9370},
  year={2015}
}

@inproceedings{RSS2011_assistedteleoperation,
  title={Assisted teleoperation strategies for aggressively controlling a robot arm with 2{D} input},
  author={You, Erkang and Hauser, Kris},
  booktitle={Proceedings of Robotics: Science and Systems},
  year={2012}
}

@inproceedings{MDA_Emmanouil,
  title={Controllers as filters: Noise-driven swing-up control based on {M}axwell's {D}emon},
  author={Tzorakoleftherakis, Emmanouil and Murphey, Todd D},
  booktitle={IEEE Conf. on Decision and Control},
  pages={4368--4374},
  year={2015}
}

@inproceedings{MDA_Katie,
  title={Optimal human-in-the-loop interfaces based on {M}axwell's {D}emon},
  author={Fitzsimons, Kathleen and Tzorakoleftherakis, Emmanouil and Murphey, Todd D},
  booktitle={American Control Conference},
  pages={4397--4402},
  year={2016}
}

@article{SAC,
  title={Sequential action control: closed-form optimal control for nonlinear and nonsmooth systems},
  author={Ansari, Alexander R and Murphey, Todd D},
  journal={IEEE Transactions on Robotics},
  volume={32},
  number={5},
  pages={1196--1214},
  year={2016}
}

@article{pearsoncorrelation_guide,
  title={A guide to appropriate use of correlation coefficient in medical research},
  author={Mukaka, Mavuto M},
  journal={Malawi Medical Journal},
  volume={24},
  number={3},
  pages={69--71},
  year={2012}
}

@article{hapticsharedcontrol_review,
  title={Haptic shared control: smoothly shifting control authority?},
  author={Abbink, David A and Mulder, Mark and Boer, Erwin R},
  journal={Cognition, Technology \& Work},
  volume={14},
  number={1},
  pages={19--28},
  year={2012}
}

@inproceedings{measurement_of_trust,
  title={Measurement of trust in human-robot collaboration},
  author={Freedy, Amos and DeVisser, Ewart and Weltman, Gershon and Coeyman, Nicole},
  booktitle={International Symposium on Collaborative Technologies and Systems},
  pages={106--114},
  year={2007}
}

@article{trust_factors,
  title={A meta-analysis of factors affecting trust in human-robot interaction},
  author={Hancock, Peter A and Billings, Deborah R and Schaefer, Kristin E and Chen, Jessie YC and De Visser, Ewart J and Parasuraman, Raja},
  journal={Human Factors},
  volume={53},
  number={5},
  pages={517--527},
  year={2011}
}

@article{cohen_statistics,
  title={A power primer.},
  author={Cohen, Jacob},
  journal={Psychological Bulletin},
  volume={112},
  number={1},
  pages={155},
  year={1992}
}

@inproceedings{stienen2011,
  title={The {ACT}-4{D}: a novel rehabilitation robot for the quantification of upper limb motor impairments following brain injury},
  author={Stienen, Arno HA and McPherson, Jacob G and Schouten, Alfred C and Dewald, Jules PA},
  booktitle={IEEE International Conf. on Rehabilitation Robotics},
  pages={1--6},
  year={2011}
}

@article{ellis2016,
  title={Robotic quantification of upper extremity loss of independent joint control or flexion synergy in individuals with hemiparetic stroke: a review of paradigms addressing the effects of shoulder abduction loading},
  author={Ellis, Michael D and Lan, Yiyun and Yao, Jun and Dewald, Julius PA},
  journal={Journal of NeuroEngineering and Rehabilitation},
  volume={13},
  number={1},
  pages={95},
  year={2016}
}

@article{lankenau2001,
  title={A versatile and safe mobility assistant},
  author={Lankenau, Axel and Rofer, Thomas},
  journal={IEEE Robotics \& Automation Magazine},
  volume={8},
  number={1},
  pages={29--37},
  year={2001}
}

@article{marchal2009,
  title={Review of control strategies for robotic movement training after neurologic injury},
  author={Marchal-Crespo, Laura and Reinkensmeyer, David J},
  journal={Journal of Neuroengineering and Rehabilitation},
  volume={6},
  number={1},
  pages={20--35},
  year={2009}
 }
  
@inproceedings{autovehicle2014,
  title={Shared control of autonomous vehicles based on velocity space optimization},
  author={Alonso-Mora, Javier and Gohl, Pascal and Watson, Scott and Siegwart, Roland and Beardsley, Paul},
  booktitle={IEEE International Conf. on Robotics and Automation},
  pages={1639--1645},
  year={2014},
 }

@article{surgeryrobot2004,
  title={Methods for haptic feedback in teleoperated robot-assisted surgery},
  author={Okamura, Allison M},
  journal={Industrial Robot: An International Journal},
  volume={31},
  number={6},
  pages={499--508},
  year={2004}
}

@article{teleBCI2017,
  title={Autonomy infused teleoperation with application to brain computer interface controlled manipulation},
  author={Muelling, Katharina and Venkatraman, Arun and Valois, Jean-Sebastien and Downey, John E and Weiss, Jeffrey and Javdani, Shervin and Hebert, Martial and Schwartz, Andrew B and Collinger, Jennifer L and Bagnell, J Andrew},
  journal={Autonomous Robots},
  pages={1--22},
  year={2017}
}

@inproceedings{exoMPC2011,
  title={Model predictive control-based gait pattern generation for wearable exoskeletons},
  author={Wang, Letian and van Asseldonk, Edwin HF and van der Kooij, Herman},
  booktitle={IEEE International Conf. on Rehabilitation Robotics},
  pages={1--6},
  year={2011},
 }

@article{egerstedt2006,
  title={Transition-time optimization for switched-mode dynamical systems},
  author={Egerstedt, Magnus and Wardi, Yorai and Axelsson, Henrik},
  journal={IEEE Transactions on Automatic Control},
  volume={51},
  number={1},
  pages={110--115},
  year={2006}
}

@inproceedings{modesched2012,
  title={Algorithm for optimal mode scheduling in switched systems},
  author={Wardi, Yorai and Egerstedt, Magnus},
  booktitle={American Control Conference},
  pages={4546--4551},
  year={2012}
}

@article{caldwell2016,
  title={Projection-based optimal mode scheduling},
  author={Caldwell, Timothy M and Murphey, Todd D},
  journal={Nonlinear Analysis: Hybrid Systems},
  pages={59--83},
  vol={21}
  year={2016}
}

@article{emken2008,
  title={Feasibility of manual teach-and-replay and continuous impedance shaping for robotic locomotor training following spinal cord injury},
  author={Emken, Jeremy L and Harkema, Susan J and Beres-Jones, Janell A and Ferreira, Christie K and Reinkensmeyer, David J},
  journal={IEEE Transactions on Biomedical Engineering},
  volume={55},
  number={1},
  pages={322--334},
  year={2008}
}

@article{riener2005,
  title={Patient-cooperative strategies for robot-aided treadmill training: first experimental results},
  author={Riener, Robert and Lunenburger, Lars and Jezernik, Saso and Anderschitz, Martin and Colombo, Gery and Dietz, Volker},
  journal={IEEE Transactions on Neural Systems and Rehabilitation Engineering},
  volume={13},
  number={3},
  pages={380--394},
  year={2005}
}

@article{krebs2003,
  title={Rehabilitation robotics: Performance-based progressive robot-assisted therapy},
  author={Krebs, Hermano Igo and Palazzolo, Jerome Joseph and Dipietro, Laura and Ferraro, Mark and Krol, Jennifer and Rannekleiv, Keren and Volpe, Bruce T and Hogan, Neville},
  journal={Autonomous Robots},
  volume={15},
  number={1},
  pages={7--20},
  year={2003}
}

@article{wolbrecht2008,
  title={Optimizing compliant, model-based robotic assistance to promote neurorehabilitation},
  author={Wolbrecht, Eric T and Chan, Vicky and Reinkensmeyer, David J and Bobrow, James E},
  journal={IEEE Transactions on Neural Systems and Rehabilitation Engineering},
  volume={16},
  number={3},
  pages={286--297},
  year={2008}
}

@article{ellis2009,
    author = {Michael D. Ellis and Theresa Sukal-Moulton and Julius P. A. Dewald},
    title = {Progressive Shoulder Abduction Loading is a Crucial Element of Arm Rehabilitation in Chronic Stroke},
    journal = {Neurorehabilitation and Neural Repair},
    volume = {23},
    number = {8},
    pages = {862-869},
    year = {2009}
}

@inproceedings{kahn2004,
  title={Adaptive assistance for guided force training in chronic stroke},
  author={Kahn, LE and Rymer, WZ and Reinkensmeyer, DJ},
  booktitle={IEEE International Conf. on Engineering in Medicine and Biology},
  pages={2722--2725},
  year={2004}
}

@incollection{reinkensmeyer2016intro,
  title={Introduction: Rational for machine use},
  author={Reinkensmeyer, David J and Dietz, Volker},
  booktitle={Neurorehabilitation Technology},
  pages={xvii--xxii},
  year={2016}
}

@article{patton2006error,
  title={Evaluation of robotic training forces that either enhance or reduce error in chronic hemiparetic stroke survivors},
  author={Patton, James L and Stoykov, Mary Ellen and Kovic, Mark and Mussa-Ivaldi, Ferdinando A},
  journal={Experimental Brain Research},
  volume={168},
  number={3},
  pages={368--383},
  year={2006}
}

@inproceedings{fisher2014,
  title={Distributions in the error space: Goal-directed movements described in time and state-space representations},
  author={Fisher, Moria E and Huang, Felix C and Wright, Zachary A and Patton, James L},
  booktitle={IEEE International Conf. on Engineering in Medicine and Biology},
  pages={6953--6956},
  year={2014},
}

@article{exoskeletons,
  title={Technology: mobility machines},
  author={Gwynne, Peter},
  journal={Nature},
  volume={503},
  number={7475},
  pages={S16--S17},
  year={2013}
}

@article{SLIP_for_running_nature,
  title={Computer optimization of a minimal biped model discovers walking and running},
  author={Srinivasan, Manoj and Ruina, Andy},
  journal={Nature},
  volume={439},
  number={7072},
  pages={72},
  year={2006}
}

@incollection{SLIP_robot_evidence,
  title={Evidence for spring loaded inverted pendulum running in a hexapod robot},
  author={Altendorfer, Richard and Saranli, Uluc and Komsuoglu, Haldun and Koditschek, Daniel and Brown, H Benjamin and Buehler, Martin and Moore, Ned and McMordie, Dave and Full, Robert},
  booktitle={Experimental Robotics VII},
  pages={291--302},
  year={2001}
}

@article{lokomat_clinical_study,
  title={Prospective, blinded, randomized crossover study of gait rehabilitation in stroke patients using the Lokomat gait orthosis},
  author={Mayr, Andreas and Kofler, Markus and Quirbach, Ellen and Matzak, Heinz and Fr{\"o}hlich, Katrin and Saltuari, Leopold},
  journal={Neurorehabilitation and Neural Repair},
  volume={21},
  number={4},
  pages={307--314},
  year={2007}
}

@inproceedings{assistance_in_distraction,
  title={Increasing robotic wheelchair safety with collaborative control: Evidence from secondary task experiments},
  author={Carlson, Tom and Demiris, Yiannis},
  booktitle={IEEE International Conf. on Robotics and Automation},
  pages={5582--5587},
  year={2010}
}

@article{mathew2011,
  title={Metrics for ergodicity and design of ergodic dynamics for multi-agent systems},
  author={Mathew, George and Mezi{\'c}, Igor},
  journal={Physica D: Nonlinear Phenomena},
  volume={240},
  number={4},
  pages={432--442},
  year={2011}
}
@article {miller2016,
	title = {Ergodic Exploration of Distributed Information},
	journal = {IEEE Transactions on Robotics},
	volume = {32},
	year = {2016},
	pages = {36-52},
	author = {Lauren M Miller and Yonatan Silverman and Malcolm A MacIver and Todd D Murphey}
}

@article{hierarchical_prosthetic,
  title={On the shared control of an EMG-controlled prosthetic hand: analysis of user--prosthesis interaction},
  author={Cipriani, Christian and Zaccone, Franco and Micera, Silvestro and Carrozza, M Chiara},
  journal={IEEE Transactions on Robotics},
  volume={24},
  number={1},
  pages={170--184},
  year={2008}
}

@inproceedings{RSS_shah_adaptive,
  title={Optimization of temporal dynamics for adaptive human-robot interaction in assembly manufacturing},
  author={Wilcox, Ronald and Nikolaidis, Stefanos and Shah, Julie},
  booktitle={Proceedings of Robotics: Science and Systems},
  year={2012}
}

@article{adaptive_review,
  title={Adaptive automation for human-robot teaming in future command and control systems},
  author={Parasuraman, Raja and Barnes, Michael and Cosenzo, Keryl and Mulgund, Sandeep},
  volume={1},
  number={2},
  year={2007},
  pages={43--68},
  journal= {The International C2 Journal}
}

@article{contractive,
  title={Contractive model predictive control for constrained nonlinear systems},
  author={de Oliveira Kothare, Simone Loureiro and Morari, Manfred},
  journal={IEEE Transactions on Automatic Control},
  volume={45},
  number={6},
  pages={1053--1071},
  year={2000}
}

@inproceedings{RSS_userpref2017,
  title={Active preference-based learning of reward functions},
  author={Dorsa Sadigh and Anca D Dragan and Sastry, Shankar and Seshia, Sanjit A},
  booktitle={Proceedings of Robotics: Science and Systems},
  year={2017}
}

@inproceedings{RSS_surgery2014,
  title={Simultaneous Compliance and Registration Estimation for Robotic Surgery.},
  author={Sanan, Siddharth and Tully, Stephen and Bajo, Andrea and Simaan, Nabil and Choset, Howie},
  booktitle={Proceedings of Robotics: Science and Systems},
  year={2014}
}

@inproceedings{RSS_exo2013,
  title={Real-Time {EMG} Driven Lower Limb Actuated Orthosis for Assistance As Needed Movement Strategy.},
  author={Hassani, Walid and Mohammed, Samer and Amirat, Yacine},
  booktitle={Proceedings of Robotics: Science and Systems},
  year={2013},
 }
 
@inproceedings{vaseduvan_switchsys2010,
  title={A numerical method for the optimal control of switched systems},
  author={Humberto Gonzalez and Ram Vasudevan and Maryam Kamgarpour and Sastry, Shankar S. and Ruzena Bajcsy and Claire Tomlin},
  booktitle={IEEE Conf. on Decision and Control},
  pages={7519--7526}
  year={2010},
}
 
@inproceedings{RSS_RoboObj2017,
  title= {Enabling Robots to Communicate Their Objectives},
  author={Sandy H. Huang and David Held and Pieter Abbeel and Anca D. Dragan},
  booktitle={Proceedings of Robotics: Science and Systems},
  year={2017}
}

@article{schmidt1992new,
  title={New conceptualizations of practice: Common principles in three paradigms suggest new concepts for training},
  author={Schmidt, Richard A and Bjork, Robert A},
  journal={Psychological Science},
  volume={3},
  number={4},
  pages={207--218},
  year={1992}
}

@article{winstein1994effects,
  title={Effects of physical guidance and knowledge of results on motor learning: support for the guidance hypothesis},
  author={Winstein, Carolee J and Pohl, Patricia S and Lewthwaite, Rebecca},
  journal={Research Quarterly for Exercise and Sport},
  volume={65},
  number={4},
  pages={316--323},
  year={1994}
}

@article{thoroughman2000learning,
  title={Learning of action through adaptive combination of motor primitives},
  author={Thoroughman, Kurt A and Shadmehr, Reza},
  journal={Nature},
  volume={407},
  number={6805},
  pages={742},
  year={2000}
}

@article{emken2007motor,
  title={Motor adaptation as a greedy optimization of error and effort},
  author={Emken, Jeremy L and Benitez, Raul and Sideris, Athanasios and Bobrow, James E and Reinkensmeyer, David J},
  journal={Journal of Neurophysiology},
  volume={97},
  number={6},
  pages={3997--4006},
  year={2007}
}

@article{patton2006evaluation,
  title={Evaluation of robotic training forces that either enhance or reduce error in chronic hemiparetic stroke survivors},
  author={Patton, James L and Stoykov, Mary Ellen and Kovic, Mark and Mussa-Ivaldi, Ferdinando A},
  journal={Experimental Brain Research},
  volume={168},
  number={3},
  pages={368--383},
  year={2006}
}
